@article{CrowdfundingFailTC,
	url = {{http://techcrunch.com/2015/11/19/when-crowdfunding-fails-the-backers-are-left-with-no-way-out/}},
	author = {John Biggs},
	title = {{When Crowdfunding Fails The Backers Are Left With No Way Out}},
	year = {{2015}},
}

@article{buterin2013ethereum,
	url = {{https://github.com/ethereum/wiki/wiki/White-Paper}},
	author = {Vitalik Buterin},
	title = {{Ethereum: A Next-Generation Smart Contract and Decentralized Application Platform}},
	year = {{2013}},
}

@article{Vitalik2015subjectivity,
	url = {{https://blog.ethereum.org/2015/02/14/subjectivity-exploitability-tradeoff/}},
	author = {Buterin, Vitalik},
	title = {{The Subjectivity / Exploitability Tradeoff}},
	year = {{2015}},
}

@article{GriffDiscussion,
	author = {Griff Green},
	title = {{private discussion}},
	year = {{2016}},
}

@article{9MostDisgracefulCrowdFundings,
	url = {{http://gizmodo.com/the-9-most-disgraceful-crowdfunding-failures-of-2015-1747957776}},
	author = {Kate Knibbs},
	title = {{The 9 Most Disgraceful Crowdfunding Failures of 2015}},
	year = {{2015}},
}

@article{2015CFReport,
	url = {{http://reports.crowdsourcing.org/index.php?route=product/product&path=0_20&product_id=54}},
	author = {Massolution},
	title = {{2015CF - Crowdfunding Industry Report}},
	year = {{2015}},
}

@InProceedings{miller1997future,
	BookTitle = {{paper delivered at the Extro 3 Conference (August 9)}},
	author = {Miller, Mark},
	title = {{The Future of Law}},
	year = {{1997}},
}

@article{ReitwiessnerWoodSolidity,
	url = {{http://solidity.readthedocs.org/}},
	author = {Reitwiessner, Christian and Wood, Gavin},
	title = {{Solidity}},
	year = {{2015}},
}

@Article{szabo1997formalizing,
	author = {Szabo, Nick},
	title = {{Formalizing and securing relationships on public networks}},
	journal = {{First Monday}},
	volume = {{2}},
	number = {{9}},
	year = {{1997}},
}

@article{Wood2014ethereum,
	url = {{http://gavwood.com/paper.pdf}},
	author = {Gavin Wood},
	title = {{Ethereum: A Secure Decentralised Generalised Transaction Ledger}},
	year = {{2014}},
}
